<record><leader>00000cas a22000007a 4500</leader><controlfield tag="001">16725862</controlfield><controlfield tag="008">870922d19171927wiuwr ne      0    0eng d</controlfield><datafield ind1=" " ind2=" " tag="010"><subfield code="a">sn 87082837 </subfield></datafield><datafield ind1=" " ind2=" " tag="040"><subfield code="a">NPV</subfield><subfield code="b">eng</subfield><subfield code="c">NPV</subfield><subfield code="d">OCLCQ</subfield></datafield><datafield ind1=" " ind2=" " tag="042"><subfield code="a">msc</subfield></datafield><datafield ind1="0" ind2="4" tag="245"><subfield code="a">The Ogema record.</subfield></datafield><datafield ind1=" " ind2=" " tag="260"><subfield code="a">Ogema, Wis. :</subfield><subfield code="b">[s.n.]</subfield></datafield><datafield ind1=" " ind2=" " tag="300"><subfield code="a">v.</subfield></datafield><datafield ind1=" " ind2=" " tag="310"><subfield code="a">Weekly</subfield></datafield><datafield ind1="1" ind2=" " tag="362"><subfield code="a">Began in Feb. 1917; ceased in 1927?</subfield></datafield><datafield ind1=" " ind2=" " tag="580"><subfield code="a">Merged with: Prentice news , Kennan free press , and Catawba review , to form: Price County news. Cf. Prentice news, July 15, 1927.</subfield></datafield><datafield ind1=" " ind2=" " tag="588"><subfield code="a">Description based on: Vol. 1, no. 28 (Aug. 10, 1917).</subfield></datafield><datafield ind1=" " ind2=" " tag="752"><subfield code="a">United States</subfield><subfield code="b">Wisconsin</subfield><subfield code="c">Price</subfield><subfield code="d">Ogema.</subfield></datafield><datafield ind1="1" ind2="7" tag="785"><subfield code="t">Prentice news</subfield><subfield code="w">(DLC)sn 85041329</subfield></datafield><datafield ind1="1" ind2="7" tag="785"><subfield code="t">Kennan free press</subfield></datafield><datafield ind1="1" ind2="7" tag="785"><subfield code="t">Catawba review</subfield></datafield><datafield ind1="1" ind2="7" tag="785"><subfield code="t">Price County news</subfield><subfield code="w">(DLC)sn 85041330</subfield></datafield><datafield ind1="1" ind2=" " tag="029"><subfield code="a">AU@</subfield><subfield code="b">000025819392</subfield></datafield></record>